<?xml version="1.0" encoding="UTF-8"?><collection xmlns="http://www.loc.gov/MARC21/slim"><record><leader>00498nam--2200181-i-4500</leader><controlfield tag="001">000047487</controlfield><controlfield tag="002">20161230</controlfield><controlfield tag="005">20161230201046</controlfield><controlfield tag="008">060222s1000------------r-----000-0-eng-d</controlfield><datafield ind1=" " ind2=" " tag="040"><subfield code="a">IFIN-HH</subfield></datafield><datafield ind1=" " ind2=" " tag="080"><subfield code="a">539.171</subfield></datafield><datafield ind1="1" ind2=" " tag="100"><subfield code="a">Alder, K</subfield></datafield><datafield ind1="1" ind2="0" tag="245"><subfield code="a">Coulomb excitation</subfield><subfield code="b">A colectiion of reprints. with an introductory review</subfield><subfield code="c">K. alder, a. winther</subfield></datafield><datafield ind1=" " ind2=" " tag="260"><subfield code="a">New York</subfield><subfield code="b">Academic Press</subfield><subfield code="c">1966</subfield></datafield><datafield ind1=" " ind2=" " tag="300"><subfield code="a">374 P</subfield></datafield><datafield ind1="1" ind2=" " tag="700"><subfield code="a">Winther, A</subfield></datafield><datafield ind1=" " ind2=" " tag="852"><subfield code="a">28606</subfield><subfield code="c">539.17</subfield></datafield><datafield ind1=" " ind2=" " tag="CAT"><subfield code="a">Sys</subfield><subfield code="c">20120601</subfield><subfield code="h">123216</subfield></datafield></record></collection>